<record><leader>00000cas a22000007a 4500</leader><controlfield tag="001">29534330</controlfield><controlfield tag="008">931221d185018uunhuwn ne      0    0eng d</controlfield><datafield ind1=" " ind2=" " tag="010"><subfield code="a">sn 93060766 </subfield></datafield><datafield ind1=" " ind2=" " tag="040"><subfield code="a">NVH</subfield><subfield code="b">eng</subfield><subfield code="c">NVH</subfield><subfield code="d">OCLCQ</subfield></datafield><datafield ind1="0" ind2=" " tag="130"><subfield code="a">Telegraph (Dover, N.H.)</subfield></datafield><datafield ind1="1" ind2="4" tag="245"><subfield code="a">The Telegraph.</subfield></datafield><datafield ind1=" " ind2=" " tag="260"><subfield code="a">Dover, N.H. :</subfield><subfield code="b">G.W. Young</subfield></datafield><datafield ind1=" " ind2=" " tag="310"><subfield code="a">Weekly</subfield></datafield><datafield ind1="0" ind2=" " tag="362"><subfield code="a">New ser. vol. 3, no. 1 (Sept. 21, 1850)-</subfield></datafield><datafield ind1=" " ind2=" " tag="752"><subfield code="a">United State</subfield><subfield code="b">New Hampshire</subfield><subfield code="c">Stafford</subfield><subfield code="d">Dover.</subfield></datafield></record>